<record><leader>00000cas a22000007a 4500</leader><controlfield tag="001">13547382</controlfield><controlfield tag="008">860508d18881888nvu x ne      0    0eng d</controlfield><datafield ind1=" " ind2=" " tag="010"><subfield code="a">sn 86091469 </subfield></datafield><datafield ind1=" " ind2=" " tag="040"><subfield code="a">UNP</subfield><subfield code="b">eng</subfield><subfield code="c">UNP</subfield><subfield code="d">OCLCQ</subfield></datafield><datafield ind1=" " ind2=" " tag="042"><subfield code="a">msc</subfield></datafield><datafield ind1=" " ind2="4" tag="050"><subfield code="a">AN2.N3</subfield><subfield code="b">C38</subfield></datafield><datafield ind1="0" ind2="0" tag="245"><subfield code="a">Churchill news.</subfield></datafield><datafield ind1=" " ind2=" " tag="260"><subfield code="a">White Plains, Nev. :</subfield><subfield code="b">P.W. Smith,</subfield><subfield code="c">1888-</subfield></datafield><datafield ind1=" " ind2=" " tag="300"><subfield code="a">v.</subfield></datafield><datafield ind1=" " ind2=" " tag="310"><subfield code="a">Irregular</subfield></datafield><datafield ind1="0" ind2=" " tag="362"><subfield code="a">Vol. 1, no. 1 (Mar. 31, '88 [i.e. 1888])-</subfield></datafield><datafield ind1="1" ind2=" " tag="362"><subfield code="a">Ceased in 1888 .</subfield><subfield code="z">Cf. Lingenfelter, R.E. Newspapers of Nev.</subfield></datafield><datafield ind1=" " ind2=" " tag="500"><subfield code="a">"Published occasionally."</subfield></datafield><datafield ind1=" " ind2=" " tag="752"><subfield code="a">United States</subfield><subfield code="b">Nevada</subfield><subfield code="c">Churchill</subfield><subfield code="d">White Plains.</subfield></datafield></record>